<?xml version="1.0" encoding="UTF-8"?><collection xmlns="http://www.loc.gov/MARC21/slim"><record><leader>00338nam--2200133-i-4500</leader><controlfield tag="001">000029676</controlfield><controlfield tag="002">20161230</controlfield><controlfield tag="005">20161230201037</controlfield><controlfield tag="008">060222s1000------------r-----000-0-eng-d</controlfield><datafield ind1=" " ind2=" " tag="080"><subfield code="a">541.12</subfield></datafield><datafield ind1=" " ind2=" " tag="100"><subfield code="a">Laider, Keith  J</subfield></datafield><datafield ind1=" " ind2=" " tag="245"><subfield code="a">Reaktion kinetics.reactions in solution</subfield></datafield><datafield ind1=" " ind2=" " tag="260"><subfield code="a">Oxford, Pergamon Press, 1963. X + 136p</subfield></datafield><datafield ind1=" " ind2=" " tag="852"><subfield code="a">18900</subfield></datafield></record></collection>